<?xml version="1.0" encoding="UTF-8" ?>
<collection xmlns:xsi="http://www.w3.org/2001/XMLSchema-instance"
    xsi:schemaLocation="http://www.loc.gov/MARC21/slim
        http://www.loc.gov/standards/marcxml/schema/MARC21slim.xsd"
    xmlns="http://www.loc.gov/MARC21/slim">
<record>
  <leader>00257cam a2200493 ia4500</leader>
  <controlfield tag="001">b12335046</controlfield>
  <controlfield tag="003">LeBAU</controlfield>
  <controlfield tag="005">20140311</controlfield>
  <controlfield tag="008">970203s1925    ua            ||0 0 ara d</controlfield>
  <datafield tag="035" ind1=" " ind2=" ">
    <subfield code="a">ocn784210368</subfield>
  </datafield>
  <datafield tag="040" ind1=" " ind2=" ">
    <subfield code="a">LEAUB</subfield>
    <subfield code="b">ara</subfield>
    <subfield code="e">rda</subfield>
    <subfield code="c">LEAUB</subfield>
    <subfield code="d">LEAUB</subfield>
  </datafield>
  <datafield tag="082" ind1="0" ind2="4">
    <subfield code="a">297.124</subfield>
    <subfield code="2">22</subfield>
  </datafield>
  <datafield tag="100" ind1="1" ind2=" ">
    <subfield code="6">880-01</subfield>
    <subfield code="a">Shawkānī, Muḥammad ibn ʻAlī,</subfield>
    <subfield code="d">1759-1839,</subfield>
    <subfield code="e">author.</subfield>
  </datafield>
  <datafield tag="245" ind1="1" ind2="0">
    <subfield code="6">880-02</subfield>
    <subfield code="a">Nayl al-awṭār sharḥ Muntaqá al-akhbār min aḥādīth Sayyid al-Akhyār /</subfield>
    <subfield code="c">lil-shaykh al-imām al-mujtahid al-‘allāmah al-rabbānī qāḍī quḍāt al-quṭr al-yamānī Muḥammad ibn ‘Alī ibn Muḥammad al-Shawkānī al-mutawaffá sanat 1255 H. ; ‘uniyat bi-nashrihi wa-taṭḥīḥihi wa-muqābalat uṣūlihi wa-al-ta‘līq ‘alayh lil-marrah al-thānīyah sanat 1344 hijrīyah Idārat al-Ṭibāʻah al-Munīrīyah, li-ṣāḥibihā wa-mudīrihā Muḥammad Munīr ‘Abduh Āghā al-Dimāshqī.</subfield>
  </datafield>
  <datafield tag="264" ind1=" " ind2="1">
    <subfield code="6">880-03</subfield>
    <subfield code="a">Miṣr :</subfield>
    <subfield code="b">Idārat al-Ṭibāʻah al-Munīrīyah,</subfield>
    <subfield code="c">1344 H., [1925? M.]</subfield>
  </datafield>
  <datafield tag="300" ind1=" " ind2=" ">
    <subfield code="6">880-04</subfield>
    <subfield code="a">9 volumes ;</subfield>
    <subfield code="c">25 cm</subfield>
  </datafield>
  <datafield tag="336" ind1=" " ind2=" ">
    <subfield code="a">text</subfield>
    <subfield code="b">txt</subfield>
    <subfield code="2">rdacontent</subfield>
  </datafield>
  <datafield tag="337" ind1=" " ind2=" ">
    <subfield code="a">unmediated</subfield>
    <subfield code="b">n</subfield>
    <subfield code="2">rdamedia</subfield>
  </datafield>
  <datafield tag="338" ind1=" " ind2=" ">
    <subfield code="a">volume</subfield>
    <subfield code="b">nc</subfield>
    <subfield code="2">rdacarrier</subfield>
  </datafield>
  <datafield tag="588" ind1=" " ind2=" ">
    <subfield code="a">الوصف يستند إلى الجزء الخامس.</subfield>
  </datafield>
  <datafield tag="590" ind1=" " ind2=" ">
    <subfield code="a">في المكتبة: الأجزاء 5-9.</subfield>
  </datafield>
  <datafield tag="600" ind1="1" ind2="4">
    <subfield code="a">ابن تيمية، أحمد بن عبد الحليم،</subfield>
    <subfield code="d">1263-1328.</subfield>
    <subfield code="t">منتقى الأخبار.</subfield>
  </datafield>
  <datafield tag="600" ind1="1" ind2="0">
    <subfield code="a">Ibn Taymiyah, Ahmad ibn Abd al-Halim,</subfield>
    <subfield code="d">1263-1328.</subfield>
    <subfield code="t">Muntaqá al-Akhbār.</subfield>
  </datafield>
  <datafield tag="650" ind1=" " ind2="4">
    <subfield code="a">الحديث</subfield>
    <subfield code="x">نصوص</subfield>
    <subfield code="v">اعمال قديمة حتى 1800.</subfield>
  </datafield>
  <datafield tag="650" ind1=" " ind2="4">
    <subfield code="a">الحديث</subfield>
    <subfield code="x">تفسير وتأويل</subfield>
    <subfield code="v">اعمال قديمة حتى 1800.</subfield>
  </datafield>
  <datafield tag="650" ind1=" " ind2="0">
    <subfield code="a">Hadith</subfield>
    <subfield code="v">Texts</subfield>
    <subfield code="v">Early works to 1800.</subfield>
  </datafield>
  <datafield tag="650" ind1=" " ind2="0">
    <subfield code="a">Hadith</subfield>
    <subfield code="x">Criticism, interpretation, etc.</subfield>
    <subfield code="v">Early works to 1800.</subfield>
  </datafield>
  <datafield tag="710" ind1="2" ind2=" ">
    <subfield code="6">880-05</subfield>
    <subfield code="a">Idārat al-Ṭibāʻah al-Munīrīyah (Egypt),</subfield>
    <subfield code="e">annotator.</subfield>
  </datafield>
  <datafield tag="710" ind1="2" ind2=" ">
    <subfield code="6">880-06</subfield>
    <subfield code="a">Idārat al-Ṭibāʻah al-Munīrīyah (Egypt),</subfield>
    <subfield code="e">commentator for written text.</subfield>
  </datafield>
  <datafield tag="852" ind1=" " ind2=" ">
    <subfield code="a">Jafet Library</subfield>
    <subfield code="e">American University of Beirut, Bliss Street , Beirut, Lebanon.</subfield>
  </datafield>
  <datafield tag="880" ind1="1" ind2=" ">
    <subfield code="6">100-01/(3/r</subfield>
    <subfield code="a">الشوكاني، محمد بن علي،</subfield>
    <subfield code="d">1759-1839،</subfield>
    <subfield code="e">مؤلف. </subfield>
    <subfield code="4">aut.</subfield>
  </datafield>
  <datafield tag="880" ind1="1" ind2="0">
    <subfield code="6">245-02/(3/r</subfield>
    <subfield code="a">نيل الأوطار شرح منتقى الأخبار من أحاديث سيد الأخيار /</subfield>
    <subfield code="c">للشيخ الإمام المجتهد العلامة الرباني قاضي قضاة القطر اليماني محمد بن علي إبن محمد الشوكاني المتوفى سنة 1255 هـ. ؛ عنيت بنشره وتصحيحه ومقابلة أصوله والتعليق عليه للمرة الثانية سنة 1344 هجرية إدارة الطباعة المنيرية، لصاحبها ومديرها محمد منير عبده آغا الدمشقي.</subfield>
  </datafield>
  <datafield tag="880" ind1=" " ind2="1">
    <subfield code="6">264-03/(3/r</subfield>
    <subfield code="a">مصر :</subfield>
    <subfield code="b">إدارة الطباعة المنيرية،</subfield>
    <subfield code="c">1344 هـ.، [1925؟ م.]</subfield>
  </datafield>
  <datafield tag="880" ind1=" " ind2=" ">
    <subfield code="6">300-04/(3/r</subfield>
    <subfield code="a">9 أجزاء ؛</subfield>
    <subfield code="c">25 سم</subfield>
  </datafield>
  <datafield tag="880" ind1="1" ind2="2">
    <subfield code="6">710-05/(3/r</subfield>
    <subfield code="a">ادارة الطباعة المنيرية (مصر)،</subfield>
    <subfield code="e">محقق. </subfield>
    <subfield code="4">ann.</subfield>
  </datafield>
  <datafield tag="880" ind1="1" ind2="2">
    <subfield code="6">710-06/(3/r</subfield>
    <subfield code="a">ادارة الطباعة المنيرية (مصر)،</subfield>
    <subfield code="e">معلق على نص. </subfield>
    <subfield code="4">cwt.</subfield>
  </datafield>
  <datafield tag="907" ind1=" " ind2=" ">
    <subfield code="a">.b12335046</subfield>
    <subfield code="b">16-10-05</subfield>
    <subfield code="c">11-05-24</subfield>
  </datafield>
  <datafield tag="907" ind1=" " ind2=" ">
    <subfield code="a">.b12335046</subfield>
    <subfield code="b">11-10-11</subfield>
    <subfield code="c">11-05-24</subfield>
  </datafield>
  <datafield tag="945" ind1=" " ind2=" ">
    <subfield code="f">J</subfield>
    <subfield code="a">297.124:I247maA:v.5:c.1</subfield>
    <subfield code="g">1</subfield>
    <subfield code="i">01003495</subfield>
    <subfield code="j">.i12768534</subfield>
    <subfield code="l">u0503</subfield>
  </datafield>
  <datafield tag="945" ind1=" " ind2=" ">
    <subfield code="f">J</subfield>
    <subfield code="a">297.124:I247maA:v.6:c.1</subfield>
    <subfield code="g">1</subfield>
    <subfield code="i">01003496</subfield>
    <subfield code="j">.i12768546</subfield>
    <subfield code="l">u0503</subfield>
  </datafield>
  <datafield tag="945" ind1=" " ind2=" ">
    <subfield code="f">J</subfield>
    <subfield code="a">297.124:I247maA:v.7:c.1</subfield>
    <subfield code="g">1</subfield>
    <subfield code="i">01003497</subfield>
    <subfield code="j">.i12768558</subfield>
    <subfield code="l">u0503</subfield>
  </datafield>
  <datafield tag="945" ind1=" " ind2=" ">
    <subfield code="f">J</subfield>
    <subfield code="a">297.124:I247maA:v.8:c.1</subfield>
    <subfield code="g">1</subfield>
    <subfield code="i">01003498</subfield>
    <subfield code="j">.i1276856x</subfield>
    <subfield code="l">u0503</subfield>
  </datafield>
  <datafield tag="945" ind1=" " ind2=" ">
    <subfield code="f">J</subfield>
    <subfield code="a">297.124:I247maA:v.9:c.1</subfield>
    <subfield code="g">1</subfield>
    <subfield code="i">01003499</subfield>
    <subfield code="j">.i12768571</subfield>
    <subfield code="l">u0503</subfield>
  </datafield>
  <datafield tag="998" ind1=" " ind2=" ">
    <subfield code="a">u05</subfield>
    <subfield code="b">97-02-03</subfield>
    <subfield code="c">m</subfield>
    <subfield code="d">a</subfield>
    <subfield code="e">-</subfield>
    <subfield code="f">ara</subfield>
    <subfield code="g">ua </subfield>
    <subfield code="h">0</subfield>
    <subfield code="i">5</subfield>
  </datafield>
</record>
</collection>
